@comment{x-kbibtex-personnameformatting=<%l><, %f>}

@inproceedings{araujo_etal2016,
	author = "Ara{\'u}jo, F. R. and Almeida, N. F. and Zum{\'a}rraga, M. J.",
	booktitle = "{FAO International Symposium on The Role of Agricultural Biotechnologies in Sustainable Food Systems and Nutrition.}",
	institution = "FAO Headquarters",
	location = "Rome Italy",
	title = "{Diagnostic tools to detect pathogens causing tuberculosis in cattle and prevent their transmission through dairy products to humans.}",
	url = "http://www.fao.org/3/a-bc562e.pdf",
	year = "2016"
}

@inproceedings{castelao_etal2015,
	author = "Castel{\~a}o, A. B. C. and Nishibe, C. and Fonseca-Jr, A. A. and Martins-Jr, J. and Os{\'o}rio, A. L. A. and Patan{\'e}, J. S. L. and Roxo, E. and Thacker, T. and Zum{\'a}rraga, M. J. and Almeida, N. F. and Setubal, J. C. and Ara{\'u}jo, F. R.",
	booktitle = "{28Â° Congresso Brasileiro de Microbiologia}",
	location = "Florian{\'o}polis, Brazil",
	title = "{Comparative genomics of M. bovis strains of Brazil, Argentina and USA.}",
	url = "http://sbmicrobiologia.org.br/28cbm2015/",
	year = "2015"
}

@article{castelao_etal2014a,
	author = "Castel{\~a}o, A. B. C. and Nishibe, C. and Zum{\'a}rraga, M. J. and Cataldi, A. A. and Blanco, F. C. and Fonseca-Jr, A. A. and Hodon, M. A. and Soares-Filho, P. M. and Issa, M. A. and Almeida, N. F. and Ara{\'u}jo, F. R.",
	booktitle = "{Proceedings of VII Meeting of the SLAMTB}",
	issn = "2238-3360",
	journal = "Revista de Epidemiologia e Controle de Infec\c{c}{\~a}o",
	location = "Canela, RS, Brazil",
	number = "2",
	pages = "86--87",
	title = "{Comparison of virulence genes of two Mycobacterium bovis strains by next-generation whole genome sequencing}",
	url = "https://online.unisc.br/seer/index.php/epidemiologia/article/download/5177/3573",
	volume = "4",
	year = "2014"
}

@article{castelao_etal2014b,
	author = "Castel{\~a}o, A. B. C. and Nishibe, C. and Moura, A. and de Alencar, A. P. and Issa, M. A. and Hodon, M. A. and Mota, P. M. P. C. and Sales, E. B. and Fonseca-Junior, A. A. and Almeida, N. F. and Ara{\'u}jo, F. R.",
	doi = "10.1128/genomeA.00277-14",
	journal = "Genome Announcements",
	number = "2",
	pages = "1--2",
	title = "{Draft Genome of AN5 Strain of Mycobacterium bovis, Used for Production of Purified Protein Derivative}",
	volume = "2",
	year = "2014"
}

@article{araujo_etal2014,
	author = "Ara{\'u}jo, C. P. and Os{\'o}rio, A. L. A. R. and Jorge, K. S. G. and Ramos, C. A. N. and Filho, A. F. S. and Vidal, C. E. S. and Roxo, E. and Nishibe, C. and Almeida, N. F. and J{\'u}nior, A. A. F. and Silva, M. R. and Neto, J. D. B. and Cerqueira, V. D. and Zum{\'a}rraga, M. J. and Ara{\'u}jo, F. R.",
	doi = "10.1371/journal.pone.0091023",
	journal = "Plos One",
	number = "3",
	pages = "e91023",
	title = "{Detection of Mycobacterium bovis in bovine and bubaline tissues using nested-PCR for TbD1}",
	volume = "9",
	year = "2014"
}

@article{nishibe_etal2013,
	author = "Nishibe, C. and Castel{\~a}o, A. B. C. and Costa, R. D. and Pinto, B. J. and Varuzza, L. and Cataldi, A. A. and Bernardelli, A. and Bigi, F. and Blanco, F. C. and Zum{\'a}rraga, M. J. and Almeida, N. F. and Ara{\'u}jo, F. R.",
	doi = "10.1128/genomeA.00931-13",
	journal = "Genome Announcements",
	number = "6",
	pages = "e00931--13",
	title = "{Draft Genome Sequence of M.bovis 04-303, a Highly Virulent Strain from Argentina}",
	volume = "1",
	year = "2013"
}

@inproceedings{araujo_etal2012,
	author = "Araujo, F. R. and Castelao, A. B. C. and Fonseca-Jr, A. A. and Hodon, M. A. and Issa, M. A. and Ramalho, A. K. and Mendes, G. M. T. and Ramos, C. A. N. and Sales, E. B. and Soares-Filho, P. M. and Farias, N. C. and Nishibe, C. and Almeida, N. F.",
	booktitle = "{Advances in Bioinformatics and Computational Biology - 7th Brazilian Symposium on Bioinformatics}",
	issn = "2316-1248",
	location = "Campo Grande, Brazil,",
	pages = "15--17",
	publisher = "BSB2012 Digital Proceedings",
	title = "{Typing of a Brazilian Mycobacterium isolate by whole-genome sequencing}",
	year = "2012"
}

@article{zumagarraga_etal2015,
	author = "Zum{\'a}rraga, M. and Araujo, F. R. and Cataldi, A. A.",
	journal = "International Journal of Mycobacteriology",
	number = "Supplement 1",
	pages = "30--31",
	title = "{Population structure, genotypes and pathogenic phenotype of Mycobacterium bovis in Argentina (and Latin America)}",
	volume = "4",
	year = "2015"
}

@article{carvalho_etal2015,
	author = "Carvalho, R. C. and Furlanetto, L. V. and Maruyama, F. H. and Ara{\'u}jo, C. P. and Barros, S. L. and Ramos, C.A. and Dutra, V. and Ara{\'u}jo, F. R. and Paschoalin, V. M. and Nakazato, L. and Figueiredo, E.E.",
	journal = "Meat Science",
	pages = "11--15",
	title = "{Evaluation of the efficiency of nested q-PCR in the detection of Mycobacterium tuberculosis complex directly from tuberculosis-suspected lesions in post-mortem macroscopic inspections of bovine carcasses slaughtered in the state of Mato Grosso, Brazil.}",
	volume = "106",
	year = "2015"
}

@article{cazola_etal2015,
	author = "Cazola, D. O. and Jorge, K. S. and Zumarraga, M. J. and Souza-Filho, A. F. and Ara{\'u}jo, F. R. and Osorio, A. L. A.",
	doi = "10.1590/S0100-736X2015000200008",
	journal = "Pesquisa Veterin{\'a}ria Brasileira",
	pages = "141--147",
	title = "{Identifica\c{c}{\~a}o e genotipagem de Mycobacterium bovis em bovinos positivos no teste intrad{\'e}rmico para tuberculose em Mato Grosso do Sul}",
	volume = "35",
	year = "2015"
}

@book{madruga_etal2002,
	author = "Madruga, Cl{\'a}udio Roberto and Almeida, Robson and Soares, Cl{\'e}ber Oliveira and Ara{\'u}jo, F. R.",
	journal = "Embrapa Gado de Corte",
	pages = "132",
	title = "{ Brucelose e tuberculose bovina: epidemiologia, controle e diagn{\'o}stico}",
	url = "https://www.embrapa.br/busca-de-publicacoes/-/publicacao/325789/brucelose-e-tuberculose-bovina-epidemiologia-controle-e-diagnostico",
	volume = "1",
	year = "2002"
}

@article{melo_etal2015,
	author = "Melo, E. S. P. and Souza, I. I. F. and Ramos, C. A. N. and Os{\'o}rio, A. L. A. R. and Verbisck, N. V. and Ara{\'u}jo, F. R.",
	doi = "10.4067/S0301-732X2015000300003",
	journal = "Archivos de Medicina Veterinaria",
	pages = "273--280",
	title = "{Evaluation of the use of recombinant proteins of Mycobacterium bovis as antigens in intradermal tests for diagnosis of bovine tuberculosis}",
	volume = "47",
	year = "2015"
}

@article{araujo_etal2014,
	author = "Aara{\'u}jo, C. P. and Osorio, A. L. A. and Jorge, K. S. and Ramos, C. A. N. and {Souza Filho}, A. F. and Vida, C. E. and Roxo, E. and Rocha, A. S. and Suffys, P. N. and {Fonseca Junior}, A. A. and Silva, M. R. and {Barbosa Neto}, J. D. and Cerqueira, V. D. and Ara{\'u}jo, F. R.",
	journal = "Brazilian Journal of Microbiology",
	pages = "633--640",
	title = "{Direct detection of Mycobacterium tuberculosis complex in bovine and bubaline tissues through nested-PCR}",
	volume = "42",
	year = "2014"
}

@article{melo_etal2014,
	author = "Melo, E. S. and Souza, I. I. and Ramos, C. A. and Osorio, A. L. A. and Nascimento, V. A. and Ara{\'u}jo, F. R .",
	doi = "10.1590/S0100-736X2014001000006",
	journal = "Pesquisa Veterin{\'a}ria Brasileira",
	pages = "957--962",
	title = "{Teste intrad{\'e}rmico com prote{\'i}nas recombinantes de Mycobacterium bovis como ant{\'i}genos em Cavia porcellus}",
	volume = "34",
	year = "2014"
}

@article{farias_etal2012,
	author = "Farias, T. A. and Ara{\'u}jo, F. R. and Os{\'o}rio, A. L. A. and Jorge, K. S. G. and Ramos, C. A. N. and Souza, I. and Azambuja, A. D. and Soares, Cleber O. and Silva, M. R. and Pellegrin, A. O.",
	doi = "10.5216/rpt.v41i2.19325",
	journal = "Revista de Patologia Tropical",
	pages = "155--162",
	title = "{ELISA based on recombinant MPB70 and P27 for detection of antibodies against Mycobacterium bovis}",
	volume = "41",
	year = "2012"
}

@article{souza_etal2012,
	author = "Souza, Ingrid IF and Melo, Elaine SP and Ramos, Carlos AN and Farias, Tha{\'i}s A. and Os{\'o}rio, Ana Luiza AR and Jorge, Klaudia SG and Vidal, Carlos ES and Silva, Altino S. and Silva, M{\'a}rcio R. and Pellegrin, Aiesca O. and Ara{\'u}jo, Fl{\'a}bio R.",
	journal = "SpringerPlus",
	number = "1",
	pages = "1--6",
	title = "{Screening of recombinant proteins as antigens in indirect ELISA for diagnosis of bovine tuberculosis}",
	volume = "1",
	year = "2012"
}

