@comment{x-kbibtex-personnameformatting=<%l><, %f>}

@inproceedings{araujo_etal2016,
	author = "Ara{\'u}jo, F. R. and Almeida, N. F. and Zum{\'a}rraga, M. J.",
	booktitle = "{FAO International Symposium on The Role of Agricultural Biotechnologies in Sustainable Food Systems and Nutrition.}",
	institution = "FAO Headquarters",
	location = "Rome Italy",
	title = "{Diagnostic tools to detect pathogens causing tuberculosis in cattle and prevent their transmission through dairy products to humans.}",
	url = "http://www.fao.org/3/a-bc562e.pdf",
	year = "2016"
}

@inproceedings{castelao_etal2015,
	author = "Castel{\~a}o, A. B. C. and Nishibe, C. and Fonseca-Jr, A. A. and Martins-Jr, J. and Os{\'o}rio, A. L. A. and Patan{\'e}, J. S. L. and Roxo, E. and Thacker, T. and Zum{\'a}rraga, M. J. and Almeida, N. F. and Setubal, J. C. and Ara{\'u}jo, F. R.",
	booktitle = "{28Â° Congresso Brasileiro de Microbiologia}",
	location = "Florian{\'o}polis, Brazil",
	title = "{Comparative genomics of M. bovis strains of Brazil, Argentina and USA.}",
	url = "http://sbmicrobiologia.org.br/28cbm2015/",
	year = "2015"
}

@article{castelao_etal2014a,
	author = "Castel{\~a}o, A. B. C. and Nishibe, C. and Zum{\'a}rraga, M. J. and Cataldi, A. A. and Blanco, F. C. and Fonseca-Jr, A. A. and Hodon, M. A. and Soares-Filho, P. M. and Issa, M. A. and Almeida, N. F. and Ara{\'u}jo, F. R.",
	booktitle = "{Proceedings of VII Meeting of the SLAMTB}",
	issn = "2238-3360",
	journal = "Revista de Epidemiologia e Controle de Infec\c{c}{\~a}o",
	location = "Canela, RS, Brazil",
	number = "2",
	pages = "86--87",
	title = "{Comparison of virulence genes of two Mycobacterium bovis strains by next-generation whole genome sequencing}",
	url = "https://online.unisc.br/seer/index.php/epidemiologia/article/download/5177/3573",
	volume = "4",
	year = "2014"
}

@article{castelao_etal2014b,
	author = "Castel{\~a}o, A. B. C. and Nishibe, C. and Moura, A. and de Alencar, A. P. and Issa, M. A. and Hodon, M. A. and Mota, P. M. P. C. and Sales, E. B. and Fonseca-Junior, A. A. and Almeida, N. F. and Ara{\'u}jo, F. R.",
	doi = "10.1128/genomeA.00277-14",
	journal = "Genome Announcements",
	number = "2",
	pages = "1--2",
	title = "{Draft Genome of AN5 Strain of Mycobacterium bovis, Used for Production of Purified Protein Derivative}",
	url = "http://dx.doi.org/10.1128%2FgenomeA.00277-14",
	volume = "2",
	year = "2014"
}

@article{araujo_etal2014,
	author = "Ara{\'u}jo, C. P. and Os{\'o}rio, A. L. A. R. and Jorge, K. S. G. and Ramos, C. A. N. and Filho, A. F. S. and Vidal, C. E. S. and Roxo, E. and Nishibe, C. and Almeida, N. F. and J{\'u}nior, A. A. F. and Silva, M. R. and Neto, J. D. B. and Cerqueira, V. D. and Zum{\'a}rraga, M. J. and Ara{\'u}jo, F. R.",
	doi = "10.1371/journal.pone.0091023",
	journal = "Plos One",
	number = "3",
	pages = "e91023",
	title = "{Detection of Mycobacterium bovis in bovine and bubaline tissues using nested-PCR for TbD1}",
	url = "http://dx.doi.org/10.1371/journal.pone.0091023",
	volume = "9",
	year = "2014"
}

@article{nishibe_etal2013,
	author = "Nishibe, C. and Castel{\~a}o, A. B. C. and Costa, R. D. and Pinto, B. J. and Varuzza, L. and Cataldi, A. A. and Bernardelli, A. and Bigi, F. and Blanco, F. C. and Zum{\'a}rraga, M. J. and Almeida, N. F. and Ara{\'u}jo, F. R.",
	doi = "10.1128/genomeA.00931-13",
	journal = "Genome Announcements",
	number = "6",
	pages = "e00931--13",
	title = "{Draft Genome Sequence of M.bovis 04-303, a Highly Virulent Strain from Argentina}",
	url = "http://dx.doi.org/10.1128%2FgenomeA.00931-13",
	volume = "1",
	year = "2013"
}

@inproceedings{araujo_etal2012,
	author = "Araujo, F. R. and Castelao, A. B. C. and Fonseca-Jr, A. A. and Hodon, M. A. and Issa, M. A. and Ramalho, A. K. and Mendes, G. M. T. and Ramos, C. A. N. and Sales, E. B. and Soares-Filho, P. M. and Farias, N. C. and Nishibe, C. and Almeida, N. F.",
	booktitle = "{Advances in Bioinformatics and Computational Biology - 7th Brazilian Symposium on Bioinformatics}",
	issn = "2316-1248",
	location = "Campo Grande, Brazil,",
	pages = "15--17",
	publisher = "BSB2012 Digital Proceedings",
	title = "{Typing of a Brazilian Mycobacterium isolate by whole-genome sequencing}",
	year = "2012"
}

